<record><leader>00000cas a22000007a 4500</leader><controlfield tag="001">20174745</controlfield><controlfield tag="008">890814d18481849pauwr ne      0    0eng d</controlfield><datafield ind1=" " ind2=" " tag="010"><subfield code="a">sn 89077555 </subfield></datafield><datafield ind1=" " ind2=" " tag="040"><subfield code="a">NPH</subfield><subfield code="b">eng</subfield><subfield code="c">NPH</subfield><subfield code="d">OCLCQ</subfield></datafield><datafield ind1=" " ind2=" " tag="042"><subfield code="a">msc</subfield></datafield><datafield ind1="0" ind2="0" tag="245"><subfield code="a">Columbia spy and register.</subfield></datafield><datafield ind1="3" ind2="0" tag="246"><subfield code="a">Columbia spy &amp; register</subfield></datafield><datafield ind1=" " ind2=" " tag="260"><subfield code="a">Columbia [Pa.] :</subfield><subfield code="b">Erin Eshleman and Frs. H. Kamerer,</subfield><subfield code="c">-1849.</subfield></datafield><datafield ind1=" " ind2=" " tag="300"><subfield code="a">v.</subfield></datafield><datafield ind1=" " ind2=" " tag="310"><subfield code="a">Weekly</subfield></datafield><datafield ind1="1" ind2=" " tag="362"><subfield code="a">Began in 1848?</subfield></datafield><datafield ind1="0" ind2=" " tag="362"><subfield code="a">-v. 2, no. 45 (May 12, 1849).</subfield></datafield><datafield ind1=" " ind2=" " tag="515"><subfield code="a">Issues for -May 12, 1849 called also -whole no. 988.</subfield></datafield><datafield ind1=" " ind2=" " tag="588"><subfield code="a">Description based on: New ser. v. 2, no. 27 (Jan. 6, 1849).</subfield></datafield><datafield ind1=" " ind2=" " tag="752"><subfield code="a">United States</subfield><subfield code="b">Pennsylvania</subfield><subfield code="c">Lancaster</subfield><subfield code="d">Columbia.</subfield></datafield><datafield ind1="0" ind2="0" tag="780"><subfield code="t">Columbia spy. and literary register (Columbia, Pa. : 1848)</subfield><subfield code="w">(DLC)sn 89077554</subfield></datafield><datafield ind1="0" ind2="0" tag="785"><subfield code="t">Columbia spy (Columbia, Pa. : 1849)</subfield><subfield code="w">(DLC)sn 83032185</subfield></datafield></record>